@misc{wavenet,
	title={WaveNet: A Generative Model for Raw Audio}, 
	author={Aaron van den Oord and Sander Dieleman and Heiga Zen and Karen Simonyan and Oriol Vinyals and Alex Graves and Nal Kalchbrenner and Andrew Senior and Koray Kavukcuoglu},
	year={2016},
	eprint={1609.03499},
	archivePrefix={arXiv},
	primaryClass={cs.SD}
}