@article{wavenet,
	title={WaveNet: A Generative Model for Raw Audio}, 
	author={Aaron van den Oord and Sander Dieleman and Heiga Zen and Karen Simonyan and Oriol Vinyals and Alex Graves and Nal Kalchbrenner and Andrew Senior and Koray Kavukcuoglu},
	year={2016},
	eprint={1609.03499},
	archivePrefix={arXiv},
	primaryClass={cs.SD}
}
@article{dataset,
	title={Noisy speech database for training speech enhancement algorithms and TTS models}, 
	author={Valentini-Botinhao, Cassia},
	year={2017},
	publisher={University of Edinburgh. School of Informatics. Centre for Speech Technology Research (CSTR)},
	doi={10.7488/DS/2117},
	primaryClass={sound},
	copyright={Creative Commons Attribution 4.0 International}
}
@article{rethage2018wavenet,
	title={A Wavenet for Speech Denoising}, 
	author={Dario Rethage and Jordi Pons and Xavier Serra},
	year={2018},
	eprint={1706.07162},
	archivePrefix={arXiv},
	primaryClass={cs.SD}
}
@article{pascual2017segan,
	title={SEGAN: Speech Enhancement Generative Adversarial Network}, 
	author={Santiago Pascual and Antonio Bonafonte and Joan Serrà},
	year={2017},
	eprint={1703.09452},
	archivePrefix={arXiv},
	primaryClass={cs.LG}
}
@article{yu2020speech,
	title={Speech Enhancement based on Denoising Autoencoder with Multi-branched Encoders}, 
	author={Cheng Yu and Ryandhimas E. Zezario and Jonathan Sherman and Yi-Yen Hsieh and Xugang Lu and Hsin-Min Wang and Yu Tsao},
	year={2020},
	eprint={2001.01538},
	archivePrefix={arXiv},
	primaryClass={eess.AS}
}
@article{he2015delving,
	title={Delving Deep into Rectifiers: Surpassing Human-Level Performance on ImageNet Classification}, 
	author={Kaiming He and Xiangyu Zhang and Shaoqing Ren and Jian Sun},
	year={2015},
	eprint={1502.01852},
	archivePrefix={arXiv},
	primaryClass={cs.CV}
}
@article{adamw,
	title={Decoupled Weight Decay Regularization}, 
	author={Ilya Loshchilov and Frank Hutter},
	year={2019},
	eprint={1711.05101},
	archivePrefix={arXiv},
	primaryClass={cs.LG}
}
@article{denoising_ae,
	author = {lu, Xugang and Tsao, Yu and Matsuda, Shigeki and Hori, C.},
	year = {2014},
	month = {01},
	pages = {885-889},
	title = {Ensemble modeling of denoising autoencoder for speech spectrum restoration},
	journal = {Proceedings of the Annual Conference of the International Speech Communication Association, INTERSPEECH}
}
@article{denoising_ae2,
	author = {lu, Xugang and Tsao, Yu and Matsuda, Shigeki and Hori, C.},
	year = {2013},
	month = {01},
	pages = {436-440},
	title = {Speech enhancement based on deep denoising Auto-Encoder},
	journal = {Proc. Interspeech}
}
@inproceedings{bayesian,
	author = {Qian, Kaizhi and Zhang, Yang and Chang, Shiyu and Yang, Xuesong and Florêncio, Dinei and Hasegawa-Johnson, Mark},
	year = {2017},
	month = {08},
	pages = {2013-2017},
	title = {Speech Enhancement Using Bayesian Wavenet},
	doi = {10.21437/Interspeech.2017-1672}
}